<?xml version="1.0" encoding="UTF-8"?><collection xmlns="http://www.loc.gov/MARC21/slim"><record><leader>00556nam--2200181-u-4500</leader><controlfield tag="001">000054450</controlfield><controlfield tag="002">20161230</controlfield><controlfield tag="005">20170105125839</controlfield><controlfield tag="008">111213s1000------------r-----000-0-rum-d</controlfield><datafield ind1=" " ind2=" " tag="040"><subfield code="a">IFIN-HH</subfield></datafield><datafield ind1=" " ind2=" " tag="041"><subfield code="a">rum</subfield></datafield><datafield ind1="1" ind2=" " tag="100"><subfield code="a">Enache (Zgura), Irina - Ionela</subfield></datafield><datafield ind1="1" ind2="0" tag="245"><subfield code="a">Efecte de confinare in sisteme compozite continand cristale lichide</subfield><subfield code="b">Teza</subfield><subfield code="c">Irina- Ionela Enache (Zgura)</subfield></datafield><datafield ind1=" " ind2=" " tag="260"><subfield code="a">Bucuresti</subfield><subfield code="b">Universitatea</subfield><subfield code="c">2011</subfield></datafield><datafield ind1=" " ind2=" " tag="300"><subfield code="a">120P</subfield></datafield><datafield ind1=" " ind2=" " tag="502"><subfield code="a">Conducator Stiintific, Dr. Florian Dan Vasiliu</subfield></datafield><datafield ind1=" " ind2=" " tag="852"><subfield code="a">82323</subfield><subfield code="c">548</subfield></datafield><datafield ind1=" " ind2=" " tag="CAT"><subfield code="a">SYS</subfield><subfield code="c">20170105</subfield><subfield code="h">125839</subfield></datafield></record></collection>